<record><leader>00000cas a22000007a 4500</leader><controlfield tag="001">12396214</controlfield><controlfield tag="008">850817d1840184upaudr ne      0    0eng d</controlfield><datafield ind1=" " ind2=" " tag="010"><subfield code="a">sn 85038393 </subfield></datafield><datafield ind1=" " ind2=" " tag="040"><subfield code="a">NPY</subfield><subfield code="b">eng</subfield><subfield code="c">NPY</subfield><subfield code="d">NPH</subfield><subfield code="d">DLC</subfield><subfield code="d">OCLCQ</subfield></datafield><datafield ind1=" " ind2=" " tag="042"><subfield code="a">msc</subfield></datafield><datafield ind1="0" ind2="0" tag="050"><subfield code="a">Newspaper 9575</subfield></datafield><datafield ind1="0" ind2="0" tag="245"><subfield code="a">Pittsburgh daily American.</subfield></datafield><datafield ind1=" " ind2=" " tag="260"><subfield code="a">[Pittsburgh, Pa.] :</subfield><subfield code="b">J.W. Biddle</subfield></datafield><datafield ind1=" " ind2=" " tag="300"><subfield code="a">v. :</subfield><subfield code="b">ill. (chiefly advertisemenrts) ;</subfield><subfield code="c">55-57 cm.</subfield></datafield><datafield ind1=" " ind2=" " tag="310"><subfield code="a">Daily</subfield></datafield><datafield ind1="1" ind2=" " tag="362"><subfield code="a">Began in 1840.</subfield><subfield code="z">Cf. Gregory, W. Amer. newspapers.</subfield></datafield><datafield ind1=" " ind2=" " tag="580"><subfield code="a">Also published in a weekly edition called: Pittsburgh American.</subfield></datafield><datafield ind1=" " ind2=" " tag="588"><subfield code="a">Description based on: Vol. 1, no. 112 (Nov. 28, 1840).</subfield></datafield><datafield ind1=" " ind2=" " tag="752"><subfield code="a">United States</subfield><subfield code="b">Pennsylvania</subfield><subfield code="c">Allegheny</subfield><subfield code="d">Pittsburgh.</subfield></datafield><datafield ind1="1" ind2=" " tag="775"><subfield code="t">Pittsburgh American</subfield><subfield code="w">(DLC)sn 84024588</subfield></datafield><datafield ind1="0" ind2="0" tag="785"><subfield code="t">Pittsburgh daily American and general advertiser</subfield><subfield code="w">(DLC)sn 83025929</subfield></datafield><datafield ind1="1" ind2=" " tag="029"><subfield code="a">AU@</subfield><subfield code="b">000025793659</subfield></datafield></record>